<record><leader>00000cas a22000007a 4500</leader><controlfield tag="001">13411214</controlfield><controlfield tag="008">860409d18931909wiuwr ne      0    0eng d</controlfield><datafield ind1=" " ind2=" " tag="010"><subfield code="a">sn 86086167 </subfield></datafield><datafield ind1=" " ind2=" " tag="040"><subfield code="a">NPV</subfield><subfield code="b">eng</subfield><subfield code="c">NPV</subfield><subfield code="d">OCLCQ</subfield></datafield><datafield ind1=" " ind2=" " tag="042"><subfield code="a">msc</subfield></datafield><datafield ind1="0" ind2="4" tag="245"><subfield code="a">The Merrill advocate.</subfield></datafield><datafield ind1="1" ind2="3" tag="246"><subfield code="a">Advocate</subfield></datafield><datafield ind1=" " ind2=" " tag="260"><subfield code="a">Merrill, Wis. :</subfield><subfield code="b">[s.n.],</subfield><subfield code="c">1893-</subfield></datafield><datafield ind1=" " ind2=" " tag="300"><subfield code="a">v.</subfield></datafield><datafield ind1=" " ind2=" " tag="310"><subfield code="a">Weekly</subfield></datafield><datafield ind1="0" ind2=" " tag="362"><subfield code="a">Nineteenth year, no. 37 (Oct. 17, 1893)-</subfield></datafield><datafield ind1="1" ind2=" " tag="362"><subfield code="a">Ceased with Aug. 10, 1909 issue.</subfield><subfield code="z">Cf. Oehlerts, d. E. Guide to Wis. newspapers.</subfield></datafield><datafield ind1=" " ind2=" " tag="500"><subfield code="a">Publisher varies.</subfield></datafield><datafield ind1=" " ind2=" " tag="752"><subfield code="a">United States</subfield><subfield code="b">Wisconsin</subfield><subfield code="c">Lincoln</subfield><subfield code="d">Merrill.</subfield></datafield><datafield ind1="0" ind2="0" tag="780"><subfield code="t">Lincoln County advocate</subfield><subfield code="w">(DLC)sn 86086168</subfield></datafield><datafield ind1="0" ind2="7" tag="785"><subfield code="t">Merrill star</subfield></datafield><datafield ind1="0" ind2="7" tag="785"><subfield code="t">Merrill star-advocate</subfield><subfield code="w">(DLC)sn 86086743</subfield><subfield code="w">(OCoLC)14563284</subfield></datafield></record>